<?xml version="1.0" encoding="UTF-8"?>
<record>
    <leader>02995cas a22006137i 4500</leader>
    <controlfield tag="001">9925885267502311</controlfield>
    <controlfield tag="005">20200528003005.0</controlfield>
    <controlfield tag="006">m     o  d        </controlfield>
    <controlfield tag="007">cr#un||||a|a||</controlfield>
    <controlfield tag="008">190131d19521994tnuqr p o    s0   a0eng  </controlfield>
    <datafield tag="010" ind1=" " ind2=" ">
        <subfield code="a">  2019200141</subfield>
    </datafield>
    <datafield tag="012" ind1=" " ind2=" ">
        <subfield code="l">1</subfield>
    </datafield>
    <datafield tag="019" ind1=" " ind2=" ">
        <subfield code="a">920371504</subfield>
    </datafield>
    <datafield tag="022" ind1="0" ind2=" ">
        <subfield code="a">2642-9861</subfield>
        <subfield code="l">0040-3229</subfield>
        <subfield code="y">0040-3229</subfield>
        <subfield code="2">1</subfield>
    </datafield>
    <datafield tag="035" ind1=" " ind2=" ">
        <subfield code="a">(OCoLC)1083745828</subfield>
        <subfield code="z">(OCoLC)920371504</subfield>
    </datafield>
    <datafield tag="035" ind1=" " ind2=" ">
        <subfield code="a">(OCoLC)on1083745828</subfield>
    </datafield>
    <datafield tag="037" ind1=" " ind2=" ">
        <subfield code="b">The University of Tennessee Libraries, 312 John C. Hodges, Library, 1015 Volunteer Blvd., Knoxville, TN 37996-1000</subfield>
    </datafield>
    <datafield tag="040" ind1=" " ind2=" ">
        <subfield code="a">OCLCE</subfield>
        <subfield code="b">eng</subfield>
        <subfield code="e">rda</subfield>
        <subfield code="c">OCLCE</subfield>
        <subfield code="d">DLC</subfield>
        <subfield code="d">OCLCQ</subfield>
        <subfield code="d">OCLCO</subfield>
        <subfield code="d">OCLCQ</subfield>
        <subfield code="d">TKN</subfield>
    </datafield>
    <datafield tag="042" ind1=" " ind2=" ">
        <subfield code="a">dlr</subfield>
        <subfield code="a">pcc</subfield>
        <subfield code="a">nsdp</subfield>
    </datafield>
    <datafield tag="043" ind1=" " ind2=" ">
        <subfield code="a">n-us-tn</subfield>
    </datafield>
    <datafield tag="049" ind1=" " ind2=" ">
        <subfield code="a">TKNN</subfield>
    </datafield>
    <datafield tag="050" ind1="1" ind2="0">
        <subfield code="a">ISSN RECORD</subfield>
    </datafield>
    <datafield tag="210" ind1="0" ind2=" ">
        <subfield code="a">Tenn. farm home sci.</subfield>
        <subfield code="b">(Online)</subfield>
    </datafield>
    <datafield tag="222" ind1=" " ind2="0">
        <subfield code="a">Tennessee farm and home science</subfield>
        <subfield code="b">(Online)</subfield>
    </datafield>
    <datafield tag="245" ind1="0" ind2="0">
        <subfield code="a">Tennessee farm and home science</subfield>
    </datafield>
    <datafield tag="246" ind1="1" ind2=" ">
        <subfield code="a">Farm and home science</subfield>
    </datafield>
    <datafield tag="264" ind1=" " ind2="1">
        <subfield code="a">Knoxville :</subfield>
        <subfield code="b">The University of Tennessee, Agricultural Experiment Station [and] Acricultural Extension Service,</subfield>
        <subfield code="c">1952-1994</subfield>
    </datafield>
    <datafield tag="310" ind1=" " ind2=" ">
        <subfield code="a">Quarterly</subfield>
    </datafield>
    <datafield tag="336" ind1=" " ind2=" ">
        <subfield code="a">text</subfield>
        <subfield code="b">txt</subfield>
        <subfield code="2">rdacontent</subfield>
    </datafield>
    <datafield tag="337" ind1=" " ind2=" ">
        <subfield code="a">unmediated</subfield>
        <subfield code="b">n</subfield>
        <subfield code="2">rdamedia</subfield>
    </datafield>
    <datafield tag="338" ind1=" " ind2=" ">
        <subfield code="a">online resource</subfield>
        <subfield code="b">cr</subfield>
        <subfield code="2">rdacarrier</subfield>
    </datafield>
    <datafield tag="362" ind1="1" ind2=" ">
        <subfield code="a">Began with: Number 1 (Jan./Feb./March 1952); ceased with: number 172 (fall 1994)</subfield>
    </datafield>
    <datafield tag="500" ind1=" " ind2=" ">
        <subfield code="a">No subtitle present, 1980-</subfield>
    </datafield>
    <datafield tag="510" ind1="2" ind2=" ">
        <subfield code="a">Chemical abstracts</subfield>
        <subfield code="x">0009-2258</subfield>
    </datafield>
    <datafield tag="550" ind1=" " ind2=" ">
        <subfield code="a">Issued by the University of Tennessee (Knoxville campus), Agricultural Experiment Station, 1952-1956 ; by the University of Tennessee, Knoxville, Agricultural Experiment Station, 196u-</subfield>
    </datafield>
    <datafield tag="588" ind1=" " ind2=" ">
        <subfield code="a">Description based on: Number 1 (Jan./Feb./March 1952); title from PDF cover (digital.lib.utk.edu. viewed April 12, 2019)</subfield>
    </datafield>
    <datafield tag="588" ind1=" " ind2=" ">
        <subfield code="a">Latest issue consulted: Number 156 (fall 1990) (digital.lib.utk.edu. viewed February 28, 2020)</subfield>
    </datafield>
    <datafield tag="650" ind1=" " ind2="0">
        <subfield code="a">Agriculture</subfield>
        <subfield code="z">Tennessee</subfield>
        <subfield code="v">Periodicals.</subfield>
    </datafield>
    <datafield tag="650" ind1=" " ind2="0">
        <subfield code="a">Agriculture</subfield>
        <subfield code="x">Economic aspects</subfield>
        <subfield code="z">Tennessee</subfield>
        <subfield code="v">Periodicals.</subfield>
    </datafield>
    <datafield tag="650" ind1=" " ind2="0">
        <subfield code="a">Home economics</subfield>
        <subfield code="v">Periodicals.</subfield>
    </datafield>
    <datafield tag="650" ind1=" " ind2="7">
        <subfield code="a">Agriculture.</subfield>
        <subfield code="2">fast</subfield>
        <subfield code="0">(OCoLC)fst00801355</subfield>
    </datafield>
    <datafield tag="650" ind1=" " ind2="7">
        <subfield code="a">Agriculture</subfield>
        <subfield code="x">Economic aspects.</subfield>
        <subfield code="2">fast</subfield>
        <subfield code="0">(OCoLC)fst00801415</subfield>
    </datafield>
    <datafield tag="650" ind1=" " ind2="7">
        <subfield code="a">Home economics.</subfield>
        <subfield code="2">fast</subfield>
        <subfield code="0">(OCoLC)fst00959173</subfield>
    </datafield>
    <datafield tag="651" ind1=" " ind2="7">
        <subfield code="a">Tennessee.</subfield>
        <subfield code="2">fast</subfield>
        <subfield code="0">(OCoLC)fst01205353</subfield>
    </datafield>
    <datafield tag="655" ind1=" " ind2="7">
        <subfield code="a">Periodicals.</subfield>
        <subfield code="2">fast</subfield>
        <subfield code="0">(OCoLC)fst01411641</subfield>
    </datafield>
    <datafield tag="710" ind1="2" ind2=" ">
        <subfield code="a">University of Tennessee (Knoxville campus).</subfield>
        <subfield code="b">Agricultural Experiment Station.</subfield>
    </datafield>
    <datafield tag="710" ind1="2" ind2=" ">
        <subfield code="a">University of Tennessee (Knoxville campus).</subfield>
        <subfield code="b">Agricultural Extension Service.</subfield>
    </datafield>
    <datafield tag="710" ind1="2" ind2=" ">
        <subfield code="a">University of Tennessee, Knoxville.</subfield>
        <subfield code="b">Agricultural Extension Service.</subfield>
    </datafield>
    <datafield tag="710" ind1="2" ind2=" ">
        <subfield code="a">University of Tennessee, Knoxville.</subfield>
        <subfield code="b">Agricultural Experiment Station.</subfield>
    </datafield>
    <datafield tag="776" ind1="0" ind2="8">
        <subfield code="i">Print version:</subfield>
        <subfield code="t">Tennessee farm and home science</subfield>
        <subfield code="x">0040-3229</subfield>
        <subfield code="w">(DLC)sn 84008194</subfield>
        <subfield code="w">(OCoLC)1767279</subfield>
    </datafield>
    <datafield tag="785" ind1="0" ind2="0">
        <subfield code="t">Tennessee agri science</subfield>
    </datafield>
    <datafield tag="856" ind1="4" ind2="0">
        <subfield code="u">https://digital.lib.utk.edu/collections/islandora/object/collections:agrtfhs</subfield>
        <subfield code="x">OA-J</subfield>
    </datafield>
    <datafield tag="945" ind1=" " ind2=" ">
        <subfield code="a">Project Ceres: Agricultural Serials Digitization Project.</subfield>
    </datafield>
    <datafield tag="994" ind1=" " ind2=" ">
        <subfield code="a">C0</subfield>
        <subfield code="b">TKN</subfield>
    </datafield>
</record>